
@online{CTANClass,
  title = {{{CTAN}}: {{Class}}},
  url = {https://ctan.org/topic/class},
  urldate = {2022-05-02},
  file = {C\:\\Users\\smfla\\Zotero\\storage\\ED52K3TN\\class.html}
}


